<record><leader>00000cas a2200000 a 4500</leader><controlfield tag="001">13399940</controlfield><controlfield tag="008">860407d18991927nbudr ne      0    0eng d</controlfield><datafield ind1=" " ind2=" " tag="010"><subfield code="a">sn 86063457 </subfield></datafield><datafield ind1=" " ind2=" " tag="040"><subfield code="a">KSH</subfield><subfield code="b">eng</subfield><subfield code="c">KSH</subfield><subfield code="d">NPT</subfield><subfield code="d">MGN</subfield><subfield code="d">NVG</subfield><subfield code="d">OCL</subfield><subfield code="d">OCLCQ</subfield><subfield code="d">OCLCF</subfield><subfield code="d">OCLCO</subfield></datafield><datafield ind1="1" ind2=" " tag="029"><subfield code="a">AU@</subfield><subfield code="b">000022168316</subfield></datafield><datafield ind1=" " ind2=" " tag="042"><subfield code="a">msc</subfield></datafield><datafield ind1=" " ind2=" " tag="043"><subfield code="a">n-us-nb</subfield></datafield><datafield ind1="0" ind2="4" tag="245"><subfield code="a">The Omaha daily news.</subfield></datafield><datafield ind1="1" ind2=" " tag="246"><subfield code="i">Published on Sundays as:</subfield><subfield code="a">Omaha Sunday news,</subfield><subfield code="f">Sept. 30, 1923-Feb. 13, 1927</subfield></datafield><datafield ind1=" " ind2=" " tag="260"><subfield code="a">Omaha, Neb. :</subfield><subfield code="b">Kellogg &amp; Scripps,</subfield><subfield code="c">1899-1927.</subfield></datafield><datafield ind1=" " ind2=" " tag="300"><subfield code="a">28 v. ;</subfield><subfield code="c">55 cm.</subfield></datafield><datafield ind1=" " ind2=" " tag="310"><subfield code="a">Daily,</subfield><subfield code="b">Apr. 29, 1900-Feb. 13, 1927</subfield></datafield><datafield ind1=" " ind2=" " tag="321"><subfield code="a">Daily (except Sun.),</subfield><subfield code="b">Oct. 9, 1899-Apr. 28, 1900</subfield></datafield><datafield ind1="0" ind2=" " tag="362"><subfield code="a">No. 1 (Oct. 9, 1899)-v. 28, no. 126 (Feb. 13, 1927).</subfield></datafield><datafield ind1=" " ind2=" " tag="515"><subfield code="a">Issues for Oct. 9, 1899-May 24, 1901 lack vol. numbering.</subfield></datafield><datafield ind1=" " ind2=" " tag="580"><subfield code="a">Merged with: Omaha Sunday bee, Omaha evening bee, Omaha morning bee; to form: Omaha Sunday bee, the Omaha Sunday news; Omaha evening bee, the Omaha daily news; Omaha morning bee, the Omaha daily news.</subfield></datafield><datafield ind1=" " ind2="0" tag="651"><subfield code="a">Omaha (Neb.)</subfield><subfield code="v">Newspapers.</subfield></datafield><datafield ind1=" " ind2="7" tag="655"><subfield code="a">Newspapers.</subfield><subfield code="2">fast</subfield><subfield code="0">(OCoLC)fst01423814</subfield></datafield><datafield ind1=" " ind2="7" tag="651"><subfield code="a">Nebraska</subfield><subfield code="z">Omaha.</subfield><subfield code="2">fast</subfield><subfield code="0">(OCoLC)fst01204995</subfield></datafield><datafield ind1=" " ind2=" " tag="752"><subfield code="a">United States</subfield><subfield code="b">Nebraska</subfield><subfield code="c">Douglas</subfield><subfield code="d">Omaha.</subfield></datafield><datafield ind1="1" ind2="7" tag="785"><subfield code="t">Omaha Sunday bee</subfield><subfield code="w">(DLC)sn 95073407</subfield></datafield><datafield ind1="1" ind2="7" tag="785"><subfield code="t">Omaha evening bee</subfield><subfield code="w">(DLC)sn 84024327</subfield></datafield><datafield ind1="1" ind2="7" tag="785"><subfield code="t">Omaha morning bee</subfield><subfield code="w">(DLC)sn 84024326</subfield></datafield><datafield ind1="1" ind2="7" tag="785"><subfield code="t">Omaha Sunday bee, the Omaha Sunday news</subfield></datafield><datafield ind1="1" ind2="7" tag="785"><subfield code="t">Omaha evening bee, the Omaha daily news</subfield></datafield><datafield ind1="1" ind2="7" tag="785"><subfield code="t">Omaha morning bee, the Omaha daily news</subfield></datafield></record>